2510 3299
392 986 583 1071 auum
613 1026 756 1054 munus
789 1011 981 1053 examinis
1023 994 1173 1065 publici
1201 1011 1407 1052 sollemnia
1448 1010 1651 1051 indicendi
1684 1025 1776 1051 sero
1807 1018 1929 1068 atque
1952 1019 2065 1052 extra
2089 999 2271 1051 ordinem

268 1096 364 1137 mihi
385 1075 514 1138 'esset
549 1095 765 1147 traditum,
803 1109 889 1137 nec*
921 1093 1170 1137 scholasticis
1209 1095 1373 1150 insuper
1411 1095 1589 1150 negotiis
1628 1096 1724 1136 satis
1765 1102 1967 1150 occupato
2007 1110 2057 1136 ac
2097 1095 2272 1137 distento

268 1187 422 1228 tantum
453 1179 551 1221 mihi
580 1158 777 1235 temporis
809 1178 962 1235 otiique
994 1184 1262 1235 suppeteret,
1279 1185 1324 1220 ut
1353 1176 1531 1220 libellum
1563 1178 1616 1220 de
1648 1193 1694 1219 re
1726 1178 1899 1235 quadam
1930 1178 1983 1220 ad
2004 1179 2157 1221 litteras
2178 1194 2271 1235 perv-

266 1266 420 1306 tinente
434 1244 639 1319 integrum
655 1265 983 1307 acsuisnumeris
994 1241 1222 1304 absolutum
1231 1264 1551 1305 conscriberem:
1563 1266 1700 1317 operis
1716 1263 1924 1317 cujusdam
1936 1260 2086 1304 ambitu
2095 1264 2272 1317 majoris,

268 1347 377 1404 quod
399 1331 495 1404 post
525 1347 753 1405 longiorem
777 1347 1121 1403 intercapedinem
1141 1348 1244 1390 tristi
1269 1346 1445 1403 quodam
1470 1362 1567 1389 casu
1584 1348 1733 1389 illatam
1757 1347 1892 1389 denuo
1914 1357 2145 1403 susceptum
2167 1351 2272 1389 vires

266 1446 379 1474 meas
395 1432 612 1475 novissime
630 1432 892 1485 exercuisset,
906 1431 1041 1485 lexici,
1058 1431 1233 1488 inquam,
1246 1425 1448 1497 Platonici
1464 1430 1738 1488 locupletioris
1753 1431 1990 1487 particulam
2009 1440 2135 1485 certe,
2152 1447 2272 1488 quam

265 1531 429 1572 possem
451 1517 756 1574 diligentissime
787 1523 1078 1573 pertractatam
1099 1513 1429 1573 elaboratamque
1450 1515 1666 1558 doctorum
1695 1516 1871 1558 virorum
1887 1515 2051 1572 judiciis
2071 1516 2272 1572 subjicere

267 1603 512 1658 cogitabam.
545 1601 631 1644 sed
649 1601 745 1644 dum
761 1608 905 1657 parata
924 1600 1111 1656 dispono,
1125 1614 1230 1656 nova
1245 1614 1362 1655 paro,
1376 1601 1569 1653 subsidia,
1586 1615 1690 1657 quae
1705 1608 1870 1656 praesto
1885 1615 1965 1643 non
1985 1609 2113 1654 erant,
2127 1604 2272 1658 procul

267 1676 459 1739 arcesso,
475 1687 572 1741 nihil
604 1687 770 1738 omitto,
801 1685 910 1727 unde
941 1686 1118 1741 aliquem
1147 1683 1322 1727 fructum
1352 1693 1621 1741 percepturus
1653 1686 1749 1734 mihi
1780 1686 1963 1738 viderer,
2005 1695 2047 1727 et
2077 1688 2272 1730 materiae

266 1771 394 1836 moles·
426 1751 571 1812 mirum
603 1777 795 1826 quantum
828 1769 1051 1821 accrescit,
1083 1769 1271 1825 opinione
1302 1769 1421 1812 citius
1442 1776 1625 1825 tempus,
1657 1770 1768 1826 quod
1789 1770 1885 1834 mihi
1911 1784 2149 1813 concessum
2171 1779 2272 1823 erat,

198 1880 202 1884 ·
267 1855 465 1910 exiguum
485 1854 736 1926 praeteriit,
778 1861 825 1917 ut
862 1855 1067 1909 inceptum
1106 1867 1210 1909 opus
1259 1853 1312 1894 ad
1359 1854 1590 1895 umbilicum
1638 1854 1786 1896 adduci
1830 1869 1952 1909 posse
1998 1855 2272 1909 desperarem.

265 1940 344 1980 His
377 1939 574 1995 angustiis
613 1931 849 1990 inclusus,
851 1952 901 1979 ac
941 1938 1184 1979 necessitate
1223 1943 1411 1990 coactus,
1452 1953 1576 1994 quum
1614 1953 1746 1994 prope
1783 1940 1946 1980 abesset
1983 1947 2132 1981 statuta
2170 1940 2271 1991 dies,

269 2038 320 2065 ex
351 2023 421 2076 iis,
453 2036 559 2079 quae
595 2022 651 2065 ad
682 2023 979 2065 accuratiorem
1010 2022 1360 2079 investigationem
1391 2023 1433 2065 in
1465 2023 1707 2065 adversariis
1738 2024 1839 2078 meis
1864 2024 2037 2066 collecta
2059 2025 2271 2076 habebam,

265 2108 339 2150 has
370 2091 671 2166 qualescunque
702 2107 981 2159 annotationes
1013 2108 1119 2149 inter
1148 2106 1389 2162 legendum¹
1414 2108 1605 2149 subnatas
1652 2122 1894 2163 expromere
1926 2116 1969 2150 et
1999 2110 2037 2150 in
2070 2110 2271 2165 publicam

264 2192 409 2249 lucemv
429 2190 616 2247 proferre
646 2183 767 2233 ausus
798 2205 907 2242 sum3
947 2204 1030 2232 non
1071 2205 1153 2247 quo
1194 2205 1263 2232 eas
1305 2190 1453 2248 dignas
1468 2187 1770 2244 aestimarem,
1812 2193 1865 2234 ad
1904 2208 2004 2248 quas
2049 2194 2122 2234 viri
2160 2192 2271 2235 docti

266 2267 436 2318 animos(
451 2275 733 2340 adverterent,
777 2274 851 2317 sed
891 2281 939 2317 ut
977 2268 1112 2332 aliquo
1147 2282 1260 2338 certe
1299 2275 1425 2317 modo
1464 2278 1620 2319 muneri
1659 2276 1811 2320 tradito
1852 2277 2149 2330 satisfacerem,
2190 2293 2269 2333 quo

265 2360 387 2415 plane
415 2344 644 2419 detrectat«)
677 2359 869 2411 verebar,
900 2342 955 2400 ne
985 2359 1277 2417 suspicionem,
1307 2358 1492 2410 laborem
1524 2374 1591 2403 me
1622 2361 1797 2403 voluisse
1837 2361 2122 2418 subterfugere
2162 2364 2270 2404 exci-

241 2441 250 2496 j
265 2451 407 2488 tarem.
441 2445 560 2493 Quae
591 2458 714 2501 quum
745 2444 802 2486 ita
833 2443 934 2496 sint,
967 2456 1112 2500 spero,
1132 2442 1235 2485 *fore
1267 2450 1331 2496 ut,
1363 2445 1399 2486 si
1429 2452 1568 2501 partes
1599 2445 1694 2487 mih1
1726 2446 1934 2501 impositas
1971 2460 2051 2487 ιιοιι
2086 2447 2270 2503 explesse

265 2530 428 2583 videar,
455 2543 615 2586 aequos
647 2544 698 2584 ac
728 2528 947 2571 benevolos
974 2527 1136 2583 judices
1165 2529 1388 2570 nanciscar.
